@misc{RTS1,
author = {Wikipedia},
title = {Real-time strategy},
howpublished = {\url{https://en.wikipedia.org/wiki/Real-time_strategy}},
}

@misc{RTS2,
author = {Margaret Rouse},
title = {Real-time strategy},
howpublished = {\url{https://www.techopedia.com/definition/1923/real-time-strategy-rts}},
year = {21 April, 2015}
}

@misc{Unity1,
author = {Wikipedia},
title = {ยูนิตี (เกมเอนจิน)},
howpublished = {\url{https://th.wikipedia.org/wiki/ยูนิตี_(เกมเอนจิน)}}
}

@misc{Unity2,
author = {Mindphp Content Team},
title = {โปรแกรม Unity คืออะไร},
howpublished = {\url{https://www.mindphp.com/คู่มือ/73-คืออะไร/8286-program-unity.html}},
year = {27 กันยายน 2564}
}